0                 01CBA       test                      301500221212121227121222                                        
7999-999            000000000000000353890000035389                        000002                                        
1040-440   123456 5000000353894dd86..4936b                    Bank cashback     040-404 12345678test            00000000
1040-404 12345678 130000035389Records                         Fake payment      040-404 12345678test            00000000
7999-999            000000000000000353890000035389                        000002                                        